month,sales
2021-01,2500
2021-02,2570
2021-03,2640
2021-04,2710
2021-05,2780
2021-06,2600
2021-07,2670
2021-08,2740
2021-09,2810
2021-10,2880
2021-11,2700
2021-12,2770
2022-01,2840
2022-02,2910
2022-03,2980
2022-04,2800
2022-05,2870
2022-06,2940
2022-07,3010
2022-08,3080
2022-09,2900
2022-10,2970
2022-11,3040
2022-12,3110
